<record xmlns="http://www.loc.gov/MARC21/slim" xmlns:xsi="http://www.w3.org/2001/XMLSchema-instance" xsi:schemaLocation="http://www.loc.gov/MARC21/slim http://www.loc.gov/standards/marcxml/schema/MARC21slim.xsd"><leader>01250cz   2200277n  4500</leader><controlfield tag="001">oca01021576 </controlfield><controlfield tag="005">20011121063803.0</controlfield><controlfield tag="008">831018n| acannaabn          |a aaa     c</controlfield><datafield ind1=" " ind2=" " tag="010"><subfield code="a">n  83212399 </subfield></datafield><datafield ind1=" " ind2=" " tag="040"><subfield code="a">InU</subfield><subfield code="b">eng</subfield><subfield code="c">DLC</subfield><subfield code="d">DLC</subfield><subfield code="d">OCoLC</subfield><subfield code="d">CoU</subfield></datafield><datafield ind1="1" ind2=" " tag="100"><subfield code="a">Sulla, Lucius Cornelius.</subfield></datafield><datafield ind1="1" ind2=" " tag="400"><subfield code="a">Sylla, Lucius Cornelius</subfield></datafield><datafield ind1="1" ind2=" " tag="400"><subfield code="a">Sulla Felix, Lucius Cornelius</subfield></datafield><datafield ind1="1" ind2=" " tag="400"><subfield code="a">Silla, Lucius Cornelius</subfield></datafield><datafield ind1="1" ind2=" " tag="400"><subfield code="a">Scilla, Lucius Cornelius</subfield></datafield><datafield ind1="1" ind2=" " tag="400"><subfield code="a">Silla, Lucio</subfield></datafield><datafield ind1="1" ind2=" " tag="400"><subfield code="a">Syllas, Leukios KorneÌ&#x84;lios</subfield></datafield><datafield ind1=" " ind2=" " tag="670"><subfield code="a">Badian, E. Lucius Sulla, 1970:</subfield><subfield code="b">t.p. (Lucius Sulla)</subfield></datafield><datafield ind1=" " ind2=" " tag="670"><subfield code="a">InU/3 cent. drama files</subfield><subfield code="b">(usage: Scilla; Silla)</subfield></datafield><datafield ind1=" " ind2=" " tag="670"><subfield code="a">LC data base, 10/10/83</subfield><subfield code="b">(hdg.: Sulla, Lucius Cornelius)</subfield></datafield><datafield ind1=" " ind2=" " tag="670"><subfield code="a">Encyc. Brit., 15th ed.</subfield><subfield code="b">(Sulla (Felix), Lucius Cornelius; 138-78 B.C., Roman general and dictator)</subfield></datafield><datafield ind1=" " ind2=" " tag="670"><subfield code="a">Collier's encyc., 1977</subfield><subfield code="b">(Sulla, Lucius Cornelius, surnamed Felix after 82 B.C.; 138-78 B.C.)</subfield></datafield><datafield ind1=" " ind2=" " tag="670"><subfield code="a">Thomas, J. Univ. pron. dict. of biog. &amp; mythol., 1915</subfield><subfield code="b">(Sulla, or Sylla, Lucius Cornelius)</subfield></datafield><datafield ind1=" " ind2=" " tag="670"><subfield code="a">Oxford classical dict., 1970</subfield><subfield code="b">(Sulla Felix, Lucius Cornelius)</subfield></datafield><datafield ind1=" " ind2=" " tag="670"><subfield code="a">Bach, J. C. Lucio Silla, 1986.</subfield></datafield><datafield ind1=" " ind2=" " tag="670"><subfield code="a">Plutarch. Le vite di Lisandro e di Silla, 1997:</subfield><subfield code="b">p. 90 (Leukios KorneÌ&#x84;lios Syllas)</subfield></datafield></record>